% -----------------------------------------------------------------------
% File: smc2016template.bib
% -----------------------------------------------------------------------
% separate each line item with space, otherwise the reference will not be hyperlinked
% put the keyword "and" between authors to separate them.

@article{Borin1989,
    author = {Borin, G. and De Poli, G. and Sarti, A.},
    journal = {Proceedings of the International Computer Music Conference},
    title = {A modular approach to excitator-resonator interaction in physical models syntheses},
    year = {1989}
    }

@inproceedings{Webb2015,
  author    = {Webb, C.J. and Bilbao, S.},
  booktitle = {Proceedings of the 18th International Conference on Digital Audio Effects (DAFx)},
  title     = {On the limits of real-time physical modelling synthesis with a modular environment},
  year      = {2015}
}
@inproceedings{Bilbao2019,
  author          = {S. Bilbao and M. Ducceschi and C. Webb},
  title           = {LARGE-SCALE REAL-TIME MODULAR PHYSICAL MODELING SOUND SYNTHESIS},
  booktitle       = {Proceedings of the 22th International Conference on Digital Audio Effects (DAFx-19)},
  year            = {2019}
}

@book{Fletcher1998,
  title     = {The Physics of Musical Instruments},
  author    = {Fletcher, Neville H. and Rossing, Thomas D.},
  year      = {1998},
  publisher = {Springer}
}

@article{Bensa2003,
  author  = {Julien Bensa and Stefan Bilbao and Richard Kronland-Martinet and Julius Orion Smith},
  title   = {The simulation of piano string vibration: From physical models to Finite Difference Schemes and Digital Waveguides},
  journal = {Journal of the Acoustical Society of America (JASA)},
  pages   = {1095--1107},
  volume  = {114},
  number  = {2},
  year    = {2003}
}

@book{theBible,
  author    = {Stefan Bilbao},
  publisher = {John Wiley \& Sons},
  title     = {Numerical Sound Synthesis: Finite Difference Schemes and Simulation in Musical Acoustics},
  year      = {2009}
}

@article{Ducceschi2021,
    author = {Michele Ducceschi and Stefan Bilbao and Silvin Willemsen and Stefania Serafin},
    journal = {Journal of the Acoustical Society of America (JASA)},
    title = {Linearly-Implicit Schemes for Collisions in Musical Acoustics based on Energy Quadratisation},
    year = {2021},
    volume = {149},
    issue = {5},
    pages = {3502--3516}
}

@article{Hertz1881,
  author          = {H. Hertz},
  title           = {{\"U}ber die Ber\"uhrung fester elastischer K\"orper},
  journal         = {Journal f\"ur die Reine und Angewandte Mathematik},
  volume          = {92},
  number          = {},
  pages          = {156--171},
  year            = {1881}
}

@inproceedings{Bilbao2009Modular,
  title     = {A Modular Percussion Synthesis Environment},
  author    = {Stefan Bilbao},
  year      = {2009},
  booktitle = {Proceedings of the 12th International Conference on Digital Audio Effects (DAFx-09)}
}

@article{Willemsen2019,
author = {Willemsen, Silvin and Andersson, Nikolaj and Serafin, Stefania and Bilbao, Stefan},
journal = {Proc. of the 16th Sound and Music Computing (SMC) Conference},
title = {Real-Time Control of Large-Scale Modular Physical Models using the Sensel Morph},
pages = {275--280},
year = {2019}
}

@article{Cadoz1983,
  author  = {Cadoz, C. and Luciani, A. and Florens, J.-L.},
  journal = {Computer Music Journal},
  number  = {3},
  pages   = {60--73},
  title   = {Responsive Input Devices and Sound Synthesis by Simulation of Instrumental Mechanisms: the {CORDIS} system},
  volume  = {8},
  year    = {1983}
}

@article{Morrison1993,
  title={Mosaic: A framework for modal synthesis},
  author={Joseph Derek Morrison and  Jean-Marie Adrien},
  journal={Computer Music Journal},
  volume={17},
  number={1},
  pages={45--56},
  year={1993}
}